@Misc{Banker2016accident,
  author       = {Steve Banker},
  title        = {Using Big Data And Predictive Analytics To Predict Which Truck Drivers Will Have An Accident},
  howpublished = {Web Page},
  month        = oct,
  year         = {2016},
  note         = {HID: 233, Accessed: 2017-11-28},
  url          = {https://www.forbes.com/sites/stevebanker/2016/10/18/using-big-data-and-predictive-analytics-to-predict-which-truck-drivers-will-have-an-accident/#7fd6888b1cb0},
}

@Misc{Bergal2017sites,
  author       = {Jenni Bergal},
  title        = {Troopers Use ‘Big Data’ To Predict Crash Sites},
  howpublished = {Web Page},
  month        = feb,
  year         = {2017},
  note         = {HID: 233, Accessed: 2017-11-28},
  url          = {https://www.huffingtonpost.com/entry/troopers-use-big-data-to-predict-crash-sites_us_589c88ebe4b0985224db5e19},
}

@Article{Zhang2017data,
  author   = {Mingming Zhang and Chao Chen and Tianyu Wo and Tao Xie and Md Zakirul Alam Bhuiyan and Xuelian Lin},
  title    = {SafeDrive: Online Driving Anomaly Detection From Large-Scale Vehicle Data},
  journal  = {IEEE Transactions on Industrial Informatics},
  year     = {2017},
  volume   = {13},
  number   = {4},
  pages    = {2087-2096},
  month    = {Aug},
  issn     = {1551-3203},
  note     = {HID: 233, Accessed: 2017-11-28},
  doi      = {10.1109/TII.2017.2674661},
  keywords = {Big Data, Cloud computing, Internet of things, Safe driving},
  url      = {http://ieeexplore.ieee.org/document/7864432/},
}

@Misc{Fung2016turn,
  author       = {Brian Fung},
  title        = {The big data of bad driving, and how insurers plan to track your every turn},
  howpublished = {Web Page},
  month        = jan,
  year         = {2016},
  note         = {HID: 233, Accessed: 2017-11-28},
  url          = {https://www.washingtonpost.com/news/the-switch/wp/2016/01/04/the-big-data-of-bad-driving-and-how-insurers-plan-to-track-your-every-turn/},
}

@Misc{Mills2017safety,
  author       = {Mikkie Mills},
  title        = {4 Ways How Big Data Will Improve Road Safety},
  howpublished = {Web Page},
  month        = may,
  year         = {2017},
  note         = {HID: 233, Accessed: 2017-11-28},
  url          = {https://datafloq.com/read/4-ways-big-data-will-improve-road-safety/3127},
}

@Misc{Suizo2015decisions,
  author       = {Grace Suizo},
  title        = {Using Predictive Analytics to Improve Fleet Decisions},
  howpublished = {Web Page},
  month        = sep,
  year         = {2015},
  note         = {HID: 233, Accessed: 2017-11-28},
  url          = {http://www.automotive-fleet.com/channel/gps-telematics/article/story/2015/10/using-predictive-analytics.aspx},
}

@Misc{Walker2017safety,
  author       = {David Walker},
  title        = {How Will Big Data From Self-Driving Cars Influence Road Safety},
  howpublished = {Web Page},
  month        = jul,
  year         = {2017},
  note         = {HID: 233, Accessed: 2017-11-28},
  url          = {https://technofaq.org/posts/2017/07/how-will-big-data-from-self-driving-cars-influence-road-safety/},
}

@Misc{Tuttle2013habits,
  author       = {Brad Tuttle},
  title        = {Big Data Is My Copilot: Auto Insurers Push Devices That Track Driving Habits},
  howpublished = {Web Page},
  month        = aug,
  year         = {2013},
  note         = {HID: 233, Accessed: 2017-11-28},
  url          = {http://business.time.com/2013/08/06/big-data-is-my-copilot-auto-insurers-push-devices-that-track-driving-habits/},
}

@Misc{Firm2016insurance,
  author       = {Crosley Law Firm},
  title        = {Benefits and Concerns About Usage-Based Insurance},
  howpublished = {Web Page},
  month        = nov,
  year         = {2016},
  note         = {HID: 233, Accessed: 2017-11-28},
  url          = {https://crosleylaw.com/blog/big-data-behind-bad-driving-insurers-use/},
}

@Misc{Clerkin2017world,
  author       = {Bridget Clerkin},
  title        = {Autonomous Cars, Big Data, and the Post-Privacy World},
  howpublished = {Web Page},
  month        = oct,
  year         = {2017},
  note         = {HID: 233, Accessed: 2017-11-28},
  url          = {https://www.dmv.org/articles/self-driving-vehicles-privacy-concerns},
}

@Misc{Bradbury2017game,
  author       = {Danny Bradbury},
  title        = {Big Data in Insurance: How Analytics Will Change the Game},
  howpublished = {Web Page},
  month        = jul,
  year         = {2017},
  note         = {HID: 233, Accessed: 2017-11-28},
  url          = {https://hortonworks.com/article/big-data-in-insurance-how-analytics-will-change-the-game/},
}

@Misc{Marr2015forever,
  author       = {Bernard Marr},
  title        = {How Big Data Is Changing Insurance Forever},
  howpublished = {Web Page},
  month        = dec,
  year         = {2015},
  note         = {HID: 233, Accessed: 2017-11-28},
  url          = {https://www.forbes.com/sites/bernardmarr/2015/12/16/how-big-data-is-changing-the-insurance-industry-forever/#42b28c65289b},
}

@Misc{Shafer2016industry,
  author       = {Jonathan Shafer},
  title        = {How Big Data Analytics is Changing the Competitive Auto Industry},
  howpublished = {Web Page},
  month        = aug,
  year         = {2016},
  note         = {HID: 233, Accessed: 2017-11-28},
  url          = {https://pentaho.com/blog/2016/08/26/how-big-data-analytics-changing-competitive-auto-industry},
}

@Misc{Rippe2017unfair,
  author       = {Cristol Rippe},
  title        = {Big Data, Better Rates: Why Current Car Insurance Rate Calculations are Unfair},
  howpublished = {Web Page},
  month        = jan,
  year         = {2017},
  note         = {HID: 233, Accessed: 2017-11-28},
  url          = {https://blog.joinroot.com/big-data-better-rates-why-current-car-insurance-rate-calculations-are-unfair/},
}

@Misc{Doutriaux2017business,
  author       = {Romain Doutriaux},
  title        = {How do auto insurance companies leverage big data analytics to improve their business},
  howpublished = {Web Page},
  month        = jan,
  year         = {2017},
  note         = {HID: 233, Accessed: 2017-11-30},
  url          = {https://www.quora.com/How-do-auto-insurance-companies-leverage-big-data-analytics-to-improve-their-business-Please-support-your-answers-with-some-examples-All-answers-are-appreciated},
}

@Misc{Cordray2015data,
  author       = {Robert Cordray},
  title        = {6 Ways Insurance Companies Can Tap The Power Of Big Data},
  howpublished = {Web Page},
  month        = aug,
  year         = {2015},
  note         = {HID: 233, Accessed: 2017-11-30},
  url          = {https://www.digitalistmag.com/industries/insurance/2015/08/13/insurance-companies-can-use-big-data-advantage-03281426},
}

@Misc{Neuralnet,
  author       = {Naveen Joshi},
  title        = {Six types of neural networks},
  howpublished = {Web Page},
  month        = apr,
  year         = {2017},
  note         = {HID: 204, Accessed: 2017-11-28},
  url          = {https://www.allerin.com/blog/six-types-of-neural-networks},
}
  
@Misc{Ainet,
  author       = {Tutorials Point},
  title        = {Artificial Intelligence-Neural Networks},
  howpublished = {Web Page},
  month        = apr,
  year         = {2015},
  note         = {HID: 204, Accessed: 2017-11-28},
  url          = {https://www.tutorialspoint.com/artificial_intelligence/artificial_intelligence_neural_networks.htm},
}