@Misc{Tal2015internet,
  author       = {David Tal},
  title        = {Forecast | Rise of the big data-powered virtual assistants: Future of the Internet P3},
  howpublished = {Web page},
  month        = nov,
  year         = {2015},
  note         = {HID: 233, Accessed: 2017-10-18},
  url          = {http://www.quantumrun.com/prediction/rise-big-data-powered-virtual-assistants-future-internet-p3},
}

@Misc{Waters2015life,
  author       = {Richard Waters},
  title        = {Artificial intelligence: A virtual assistant for life},
  howpublished = {Web page},
  month        = feb,
  year         = {2015},
  note         = {HID: 233, Accessed: 2017-10-18},
  url          = {https://www.ft.com/content/4f2f97ea-b8ec-11e4-b8e6-00144feab7de?mhq5j=e5},
}

@Misc{Elgan2016future,
  author       = {Mike Elgan},
  title        = {These three virtual assistants point the way to the future},
  howpublished = {Web Page},
  month        = jun,
  year         = {2016},
  note         = {HID: 233, Accessed: 2017-10-18},
  url          = {https://www.computerworld.com/article/3078829/artificial-intelligence/these-three-virtual-assistants-point-the-way-to-the-future.html},
}

@Misc{Hard2014applications,
  author       = {Lars Hard},
  title        = {The Disruptive Potential of Artificial Intelligence Applications},
  howpublished = {Web Page},
  month        = jan,
  year         = {2014},
  note         = {HID: 233, Accessed: 2017-10-18},
  url          = {http://data-informed.com/disruptive-potential-artificial-intelligence-applications/},
}

@Misc{Marvin2017them,
  author       = {Rob Marvin},
  title        = {What Are Virtual Assistants and What Can You Do With Them?},
  howpublished = {Web Page},
  month        = jun,
  year         = {2017},
  note         = {HID: 233, Accessed: 2017-10-24},
  url          = {https://www.pcmag.com/article/354371/what-are-virtual-assistants-and-what-can-you-do-with-them},
}

@Misc{Baron2017assistants,
  author       = {Ethan Baron},
  title        = {One bot to rule them all? Not likely, with Apple, Google, Amazon and Microsoft virtual assistants},
  howpublished = {Web Page},
  month        = feb,
  year         = {2017},
  note         = {HID: 233, Accessed: 2017-10-24},
  url          = {http://www.mercurynews.com/2017/02/06/one-bot-to-rule-them-all-not-likely-with-apple-google-amazon-and-microsoft-virtual-assistants/},
}