% still in the process of gathering resources

@Article{Schlieski2012data,
  author   = {Tawny Schlieski and Brian David Johnson},
  title    = {Entertainment in the Age of Big Data},
  journal  = {Proceedings of the IEEE},
  year     = {2012},
  volume   = {100},
  number   = {Special Centennial Issue},
  pages    = {1404-1408},
  month    = {May},
  issn     = {0018-9219},
  note     = {HID: 233, Accessed: 2017-09-20},
  doi      = {10.1109/JPROC.2012.2189918},
  keywords = {cloud computing;entertainment;big data;computational power;storytelling;Data storage systems;Information management;Computational intelligence;},
  url      = {http://ieeexplore.ieee.org/stamp/stamp.jsp?arnumber=6180180},
}

@InProceedings{Zhang2017era,
  author    = {Chunjie Zhang and Wenqian Shang and Weiguo Lin and Yongan Li and Rui Tan},
  title     = {Opportunities and challenges of TV media in the big data era},
  booktitle = {2017 IEEE/ACIS 16th International Conference on Computer and Information Science (ICIS)},
  year      = {2017},
  pages     = {551-553},
  address   = {Wuhan, China},
  month     = {May},
  publisher = {IEEE},
  note      = {HID: 233, Accessed: 2017-09-20},
  doi       = {10.1109/ICIS.2017.7960053},
  keywords  = {Big Data;entertainment;advertising;television media;Buildings;Business;Data models;Internet;},
  url       = {http://ieeexplore.ieee.org/stamp/stamp.jsp?arnumber=7960053},
}

