@InProceedings{Zhang2017era,
  author    = {Chunjie Zhang and Wenqian Shang and Weiguo Lin and Yongan Li and Rui Tan},
  title     = {Opportunities and challenges of TV media in the big data era},
  booktitle = {2017 IEEE/ACIS 16th International Conference on Computer and Information Science (ICIS)},
  year      = {2017},
  pages     = {551-553},
  address   = {Wuhan, China},
  month     = may,
  publisher = {IEEE},
  note      = {HID: 233, Accessed: 2017-09-20},
  doi       = {10.1109/ICIS.2017.7960053},
  keywords  = {Big Data;entertainment;advertising;television media;Buildings;Business;Data models;Internet;},
  url       = {http://ieeexplore.ieee.org/stamp/stamp.jsp?arnumber=7960053},
}

@Article{Schlieski2012data,
  author   = {Tawny Schlieski and Brian David Johnson},
  title    = {Entertainment in the Age of Big Data},
  journal  = {Proceedings of the IEEE},
  year     = {2012},
  volume   = {100},
  number   = {Special Centennial Issue},
  pages    = {1404-1408},
  month    = may,
  issn     = {0018-9219},
  note     = {HID: 233, Accessed: 2017-09-20},
  doi      = {10.1109/JPROC.2012.2189918},
  keywords = {cloud computing;entertainment;big data;computational power;storytelling;Data storage systems;Information management;Computational intelligence;},
  url      = {http://ieeexplore.ieee.org/stamp/stamp.jsp?arnumber=6180180},
}

@Article{Villars2011care,
  author  = {Richard L. Villars and Carl W. Olofson and Matthew Eastwood},
  title   = {Big data: What it is and why you should care},
  journal = {White Paper, IDC},
  year    = {2011},
  volume  = {14},
  number   = {},
  pages    = {},
  month   = jun,
  note    = {HID: 233, Accessed: 2017-09-20},
  url     = {www.tracemyflows.com/uploads/big_data/idc_amd_big_data_whitepaper.pdf},
}

@Article{Abel2013papers,
  author    = {Richard Abel},
  title     = {The Pleasures and Perils of Big Data in Digitized Newspapers},
  journal   = {Film History},
  year      = {2013},
  volume    = {25},
  number    = {1-2},
  pages     = {1-10},
  issn      = {08922160, 15533905},
  note      = {HID: 233, Accessed: 2017-09-28},
  doi       = {10.2979/filmhistory.25.1-2.1},
  keywords  = {Movies, Newspapers, Databases, War, Film history, Big data, Film criticism, Archives, History, United States history},
  publisher = {Indiana University Press},
  url       = {https://www-jstor-org.proxyiub.uits.iu.edu/stable/pdf/10.2979/filmhistory.25.1-2.1.pdf?refreqid=excelsior%3A9c0a91379c4bc8949f0f0eb2328b5307},
}

@Article{Cukier2013world,
  author    = {Kenneth Cukier and Viktor Mayer-Schoenberger},
  title     = {The Rise of Big Data: How It's Changing the Way We Think About the World},
  journal   = {Foreign Affairs},
  year      = {2013},
  volume    = {92},
  number    = {3},
  pages     = {28-40},
  month     = may,
  issn      = {00157120},
  note      = {HID: 233, Accessed: 2017-09-28},
  keywords  = {Big data, Search engines, Internet, Correlations, Language translation, Automobiles, Statistics, Harnesses, Antitrust, Intuition},
  publisher = {Council on Foreign Relations},
  url       = {https://www-jstor-org.proxyiub.uits.iu.edu/stable/pdf/23526834.pdf?refreqid=excelsior%3Aab262e886bf5da6437092dbbcebb14de},
}

@Article{McCoy2013communicate,
  author    = {Frank McCoy},
  title     = {BIG DATA Equals BIG BUCKS for STEM Grads: BUT TO REALLY SUCCEED, LEARN HOW TO COMMUNICATE},
  journal   = {US Black Engineer and Information Technology},
  year      = {2013},
  volume    = {37},
  number    = {3},
  pages     = {17-19},
  issn      = {10883444},
  note      = {HID: 233, Accessed: 2017-09-28},
  keywords  = {Big data, Computer software, Consumer goods industries, Computer technology, Students, Analytics, Databases, Competitive intelligence, Predictive analytics, Software engineering},
  publisher = {Career Communications Group},
  url       = {https://www-jstor-org.proxyiub.uits.iu.edu/stable/pdf/43772972.pdf?refreqid=excelsior%3A4ab0dc0263a5a0e302c511b9c34c7a7e},
}

@Article{Wolfe2013America,
  author    = {Patrick J. Wolfe},
  title     = {Making sense of big data},
  journal   = {Proceedings of the National Academy of Sciences of the United States of America},
  year      = {2013},
  volume    = {110},
  number    = {45},
  pages     = {18031-18032},
  month     = nov,
  issn      = {00278424},
  note      = {HID: 233, Accessed: 2017-09-28},
  keywords  = {Big data, Mathematical manifolds, Datasets, Dimensionality reduction, Similarity theorem, Mathematical data, Geometric planes, Web pages, Eigenvectors, Geodesy},
  publisher = {National Academy of Sciences},
  url       = {https://www-jstor-org.proxyiub.uits.iu.edu/stable/pdf/23754685.pdf?refreqid=excelsior%3A1e139d650259ac78c3c111865d39492c},
}
